<?xml version="1.0" encoding="UTF-8"?><collection xmlns="http://www.loc.gov/MARC21/slim"><record><leader>00660nam--2200193-u-4500</leader><controlfield tag="001">000054758</controlfield><controlfield tag="002">20161230</controlfield><controlfield tag="005">20210312045059</controlfield><controlfield tag="008">120605s1000------------r-----000-0-rum-d</controlfield><datafield ind1=" " ind2=" " tag="040"><subfield code="a">IFIN-HH</subfield></datafield><datafield ind1=" " ind2=" " tag="041"><subfield code="a">rum</subfield></datafield><datafield ind1=" " ind2=" " tag="080"><subfield code="a">539.171</subfield></datafield><datafield ind1="1" ind2=" " tag="100"><subfield code="a">Ivascu, Marin</subfield></datafield><datafield ind1="1" ind2="0" tag="245"><subfield code="a">Studiul imprastierii particulelor alfa de joasa energie pe nuclee par-pare usoare si medii (20ne; 23mg; 32s; 40a; 48ti; 54fe; 58, 60ni, si 66,68zn)</subfield><subfield code="b">Autoreferatul tezei</subfield><subfield code="c">Marin Ivascu</subfield></datafield><datafield ind1=" " ind2=" " tag="260"><subfield code="a">Bucuresti</subfield><subfield code="b">Institutul De Fizica Atomica</subfield><subfield code="c">1968</subfield></datafield><datafield ind1=" " ind2=" " tag="300"><subfield code="a">28P</subfield></datafield><datafield ind1=" " ind2=" " tag="502"><subfield code="a">Conducator Stiintific: Acad.Prof. Horia Hulubei</subfield></datafield><datafield ind1=" " ind2=" " tag="852"><subfield code="a">29508</subfield><subfield code="c">539.17</subfield></datafield><datafield ind1=" " ind2=" " tag="CAT"><subfield code="a">SYS</subfield><subfield code="c">20210312</subfield><subfield code="h">045059</subfield></datafield></record></collection>